<?xml version="1.0" encoding="UTF-8"?><record xmlns="http://www.loc.gov/MARC21/slim" xmlns:cinclude="http://apache.org/cocoon/include/1.0" xmlns:zs="http://www.loc.gov/zing/srw/">
  <leader>00684cz  a2200181n  4500</leader>
  <controlfield tag="001">no 99008488 </controlfield>
  <controlfield tag="003">DLC</controlfield>
  <controlfield tag="005">20140604050446.0</controlfield>
  <controlfield tag="008">990209n| azannaabn          fa ana      </controlfield>
  <datafield tag="010" ind1=" " ind2=" ">
    <subfield code="a">no 99008488 </subfield>
  </datafield>
  <datafield tag="035" ind1=" " ind2=" ">
    <subfield code="a">(OCoLC)oca04915883</subfield>
  </datafield>
  <datafield tag="040" ind1=" " ind2=" ">
    <subfield code="a">DLC-S</subfield>
    <subfield code="b">eng</subfield>
    <subfield code="c">DLC-S</subfield>
    <subfield code="d">DLC</subfield>
    <subfield code="e">rda</subfield>
  </datafield>
  <datafield tag="110" ind1="1" ind2=" ">
    <subfield code="a">Thailand.</subfield>
    <subfield code="b">Samnakngān Phānit Čhangwat Trāt</subfield>
  </datafield>
  <datafield tag="370" ind1=" " ind2=" ">
    <subfield code="e">Trat, Thailand</subfield>
  </datafield>
  <datafield tag="377" ind1=" " ind2=" ">
    <subfield code="a">tha</subfield>
  </datafield>
  <datafield tag="410" ind1="1" ind2=" ">
    <subfield code="a">Thailand.</subfield>
    <subfield code="b">Krasūang Phānit.</subfield>
    <subfield code="b">Samnakngān Phānit Čhangwat Trāt</subfield>
  </datafield>
  <datafield tag="670" ind1=" " ind2=" ">
    <subfield code="a">Khō̜mūn kāntalāt Čhangwat Trāt pračham pī ... 1996-</subfield>
    <subfield code="b">t.p. (Samnakngān Phānit Čhangwat Trāt, Krasūang Phānit)</subfield>
  </datafield>
  <datafield tag="675" ind1=" " ind2=" ">
    <subfield code="a">Nāmmasongkhro̜ sūan rātchakān Thai, 1995</subfield>
  </datafield>
</record>